<?xml version="1.0" encoding="UTF-8"?><collection xmlns="http://www.loc.gov/MARC21/slim"><record><leader>00433nam--2200133-i-4500</leader><controlfield tag="001">000023152</controlfield><controlfield tag="002">20161230</controlfield><controlfield tag="005">20161230201034</controlfield><controlfield tag="008">060222s1000------------r-----000-0-eng-d</controlfield><datafield ind1=" " ind2=" " tag="080"><subfield code="a">621.039.543.6</subfield></datafield><datafield ind1=" " ind2=" " tag="100"><subfield code="a">Jamet, Christian</subfield></datafield><datafield ind1=" " ind2=" " tag="245"><subfield code="a">Diffusion intermetallique du plutonium dans les systemes pu-cu et pu-u influence d`un troisieme element. these</subfield></datafield><datafield ind1=" " ind2=" " tag="260"><subfield code="a">Lyon, Faculte Des Sciences De L`Universite, 1969, 171 P</subfield></datafield><datafield ind1=" " ind2=" " tag="852"><subfield code="a">35786</subfield></datafield></record></collection>